%% This BibTeX bibliography file was created using BibDesk.
%% https://bibdesk.sourceforge.io/

%% Created for Yehia Abdelmohsen at 2022-04-05 15:06:04 +0200 


%% Saved with string encoding Unicode (UTF-8) 



@webpage{worldpopulation,
	date-added = {2022-04-05 15:05:18 +0200},
	date-modified = {2022-04-05 15:05:44 +0200},
	month = {April},
	url = {https://worldpopulationreview.com},
	year = {2022}}

@webpage{Statista,
	date-added = {2022-04-05 14:58:04 +0200},
	date-modified = {2022-04-05 14:59:18 +0200},
	keywords = {Number of Smartphones Worldwide},
	month = {February},
	url = {https://www.statista.com/statistics/330695/number-of-smartphone-users-worldwide/},
	year = {2022},
	bdsk-url-1 = {https://www.statista.com/statistics/330695/number-of-smartphone-users-worldwide/}}
