@article{owidlifeexpectancy,
    author = {Max Roser, Esteban Ortiz-Ospina and Hannah Ritchie},
    title = {Life Expectancy},
    journal = {Our World in Data},
    year = {2013},
    note = {https://ourworldindata.org/life-expectancy}
}