%% This BibTeX bibliography file was created using BibDesk.
%% https://bibdesk.sourceforge.io/

%% Created for Yehia Abdelmohsen at 2022-03-25 14:34:24 +0200 


%% Saved with string encoding Unicode (UTF-8) 



@article{owidlifeexpectancy,
	author = {Max Roser, Esteban Ortiz-Ospina, and Hannah Ritchie},
	date-modified = {2022-03-25 14:34:24 +0200},
	journal = {Our World in Data},
	note = {https://ourworldindata.org/life-expectancy},
	title = {Life Expectancy},
	year = {2013}}
